
@misc{moore_training_2019,
  title = {Training an {{Object Detector}} to {{Locate Coconut Palms Damaged}} or {{Killed}} by {{Coconut Rhinoceros Beetle}}},
  abstract = {This is the result of a first attempt to train an object detector (Faster R-CNN) to locate coconut trees killed or damaged by coconut rhinoceros beetle in a video. Not perfect, but it does serve as a proof of concept.},
  urldate = {2019-10-09},
  url = {https://www.youtube.com/watch?v=zzSorqcmt9U},
  author = {Moore, Aubrey},
  month = jul,
  year = {2019}
}


